@article{gantz2012digital,
  title={The digital universe in 2020: Big data, bigger digital shadows, and biggest growth in the far east},
  author={Gantz, John and Reinsel, David},
  journal={IDC iView: IDC Analyze the future},
  volume={2007},
  number={2012},
  pages={1--16},
  year={2012}
}

@misc{OASIS:UIMA:2009,
    Title = {Unstructured Information Management Architecture ({UIMA}) Version 1.0},
    Author = {Ferrucci, David and Lally, Adam and Verspoor, Karin and Nyberg, Eric},
    Howpublished = {OASIS Standard},
    Year = {2009},
    Month = {mar},
    Url = {https://docs.oasis-open.org/uima/v1.0/uima-v1.0.html}}

@article{epstein2012making,
  title={Making watson fast},
  author={Epstein, Edward A and Schor, Marshall I and Iyer, BS and Lally, Adam and Brown, Eric W and Cwiklik, Jaroslaw},
  journal={IBM Journal of Research and Development},
  volume={56},
  number={3.4},
  pages={15--1},
  year={2012},
  publisher={IBM}
}

@article{ramakrishnan2010building,
  title={Building the scientific knowledge mine (SciKnowMine): a community-driven framework for text mining tools in direct service to biocuration},
  author={Ramakrishnan, Cartic and Baumgartner Jr, William A and Blake, Judith A and Burns, Gully APC and Cohen, K Bretonnel and Drabkin, Harold and Eppig, Janan and Hovy, Eduard and Hsu, Chun-Nan and Hunter, Lawrence E and others},
  journal={Language Resources and Evaluation},
  pages={33},
  year={2010}
}


@article{ferrucci2012introduction,
  title={Introduction to “this is watson”},
  author={Ferrucci, David A},
  journal={IBM Journal of Research and Development},
  volume={56},
  number={3.4},
  pages={1--1},
  year={2012},
  publisher={IBM}
}
@article{divita2015scaling,
  title={Scaling-up NLP pipelines to process large corpora of clinical notes},
  author={Divita, Guy and Carter, M and Redd, A and Zeng, Q and Gupta, K and Trautner, B and Samore, M and Gundlapalli, A},
  journal={Methods of information in medicine},
  volume={54},
  number={06},
  pages={548--552},
  year={2015},
  publisher={Schattauer GmbH}
}


@article{kudesia2012natural,
  title={Natural language processing to identify Foley catheter--days},
  author={Kudesia, Valmeek and Strymish, Judith and D’Avolio, Leonard and Gupta, Kalpana},
  journal={Infection control and hospital epidemiology},
  volume={33},
  number={12},
  pages={1270--1272},
  year={2012},
  publisher={JSTOR}
}

@InProceedings{eckartdecastilho-gurevych:2014:OIAF4HLT,
  author    = {Eckart de Castilho, Richard  and  Gurevych, Iryna},
  title     = {A broad-coverage collection of portable NLP components for building shareable analysis pipelines},
  booktitle = {Proceedings of the Workshop on Open Infrastructures and Analysis Frameworks for HLT},
  month     = {August},
  year      = {2014},
  address   = {Dublin, Ireland},
  publisher = {Association for Computational Linguistics and Dublin City University},
  pages     = {1--11},
  url       = {http://www.aclweb.org/anthology/W14-5201}
}

@misc{dkpro,
  title = {DKPro Core™ User Guide},
  howpublished = {\url{https://zoidberg.ukp.informatik.tu-darmstadt.de/jenkins/job/DKPro Core Documentation (GitHub)/de.tudarmstadt.ukp.dkpro.core$de.tudarmstadt.ukp.dkpro.core.doc-asl/doclinks/6/user-guide.html}},
  note = {Accessed: 2018-02-26},
  author = {The DKPro Core Team}
}